<?xml version="1.0" encoding="UTF-8"?><collection xmlns="http://www.loc.gov/MARC21/slim"><record><leader>00547nam--2200193-u-4500</leader><controlfield tag="001">000053069</controlfield><controlfield tag="002">20161230</controlfield><controlfield tag="005">20170128203216</controlfield><controlfield tag="008">110104s1000------------r-----000-0-eng-d</controlfield><datafield ind1=" " ind2=" " tag="020"><subfield code="a">3527403868</subfield></datafield><datafield ind1=" " ind2=" " tag="040"><subfield code="a">IFIN-HH</subfield></datafield><datafield ind1=" " ind2=" " tag="080"><subfield code="a">538(911+93+958)</subfield></datafield><datafield ind1="1" ind2=" " tag="100"><subfield code="a">Reich, S</subfield></datafield><datafield ind1="1" ind2="0" tag="245"><subfield code="a">Carbon nanotubes</subfield><subfield code="b">Basic concepts and physical properties</subfield><subfield code="c">S. Reich; C. homsen; J. Maultzsch</subfield></datafield><datafield ind1=" " ind2=" " tag="260"><subfield code="a">Weinheim</subfield><subfield code="b">Wiley-vch Verlag Gmbh &amp; Co.Kgaa</subfield><subfield code="c">2004</subfield></datafield><datafield ind1=" " ind2=" " tag="300"><subfield code="a">215 p</subfield></datafield><datafield ind1="1" ind2=" " tag="700"><subfield code="a">Maultzsch, J</subfield></datafield><datafield ind1=" " ind2=" " tag="852"><subfield code="a">81681</subfield><subfield code="c">001.2</subfield></datafield><datafield ind1=" " ind2=" " tag="CAT"><subfield code="a">SYS</subfield><subfield code="c">20170128</subfield><subfield code="h">203216</subfield></datafield></record></collection>